@article{wolfe1983solar,
  title={A Solar Labyrinth},
  author={Gene Wolfe},
  journal={The Magazine of Fantasy \& Science Fiction},
  volume={April},
  year={1983},
  howpublished={Print}
}

@book{gordon1986gene,
  title={Gene Wolfe},
  author={Gordon, Joan},
  isbn={9780893709563},
  lccn={86017635},
  series={Starmont Reader's Guide},
  url={http://books.google.de/books?id=xE8PGh89rv8C},
  year={1986},
  publisher={Borgo Press}
}

@online{hall1981interview,
  title={An Interview with Gene Wolfe},
  author={Melissa Mia Hall},
  url={http://home.earthlink.net/~blackleatherrequired/hallofmia/interview.html},
  urldate={2014-09-10},
  year={1981}
}

@online{wordnikLethe,
  title={Lethe -- Definition and Meaning -- Wordnik},
  author={{The Century Dictionary and Cyclopedia}},
  url={https://www.wordnik.com/words/lethe},
  urldate={2014-09-12},
  year={2014}
}
